@article{doi:10.1021/ci00002a020,
author = {Hall, Sydney R.},
title = {The STAR file: a new format for electronic data transfer and archiving},
journal = {Journal of Chemical Information and Computer Sciences},
volume = {31},
number = {2},
pages = {326-333},
year = {1991},
doi = {10.1021/ci00002a020},
URL = { 
        https://doi.org/10.1021/ci00002a020
},
}

@article{doi:10.1021/acs.langmuir.1c00122,
author = {Evans, Jack D. and Bon, Volodymyr and Senkovska, Irena and Kaskel, Stefan},
title = {A Universal Standard Archive File for Adsorption Data},
journal = {Langmuir},
volume = {37},
number = {14},
pages = {4222-4226},
year = {2021},
doi = {10.1021/acs.langmuir.1c00122},
URL = { 
        https://doi.org/10.1021/acs.langmuir.1c00122
},
}


